=LDR  06054cas a2201357 a 4500
=001  007076026
=003  Uk
=005  20230309143958.0
=006  aa\\\|||||||||||||
=007  ta
=008  990803c19989999enkar2p\\\\\\\0\\\a0eng\\
=FMT  \\$a  SE
=015  \\$aGB9949028$2bnb
=019  y\$ab9949028
=019  9\$ab9949028
=019  0\$as649085000
=019  c\$a2610047
=022  0\$a1467-5560$y1362-5217$202
=039  0\$a2548
=040  \\$aUk$cUk$dUk
=042  \\$aukblsr
=082  04$a629.2293$221
=084  \\$aUV 04$2blsrissc
=210  0\$aElectr. hybrid veh. technol. int.
=222  \0$aElectric & hybrid vehicle technology international
=245  00$aElectric & hybrid vehicle technology international.
=260  \\$aDorking :$bUK & International Press,$c1998-
=300  \\$av. :$bcol. ill. ;$c30 cm.
=336  \\$atext$2rdacontent
=337  \\$aunmediated$2rdamedia
=338  \\$avolume$2rdacarrier
=362  0\$a'98-
=597  \\$aEnhanced$bSRIS DDC
=540  \\$aCurrent Copyright Fee: GBP25.00$c0$5Uk
=650  \0$aHybrid electric vehicles$xDesign and construction$vPeriodicals.
=730  0\$aElectric & hybrid vehicle technology,$x1362-5217.
=776  08$iAlso issued online as:$tElectric & hybrid vehicle technology international$x2397-6322
=780  00$tElectric & hybrid vehicle technology$x1362-5217
=859  \\$aELD$bejournal
=852  71$aBritish Library$bSTI$k(P)$hUV 04$m-E(2)$2blsrissc$31998-***Title now taken as electronic only
=852  41$aBritish Library$bDSC$j3671.290020$31998-Jul. (2010)
=945  \\$aElectric and hybrid vehicle technology international
=957  \\$a990607c
=959  \\$fHeld but not currently received
=CAT  \\$aWR09-126
=CAT  \\$aBATCH-CLA$b00$c20111130$lBLL01$h1203
=CAT  \\$aBATCH-CLA$b00$c20111130$lBLL01$h1220
=CAT  \\$aIPL-CLA$c20111230$lBLL01$h1643
=CAT  \\$aBATCH-CLA$b00$c20120229$lBLL01$h1616
=CAT  \\$aBATCH-CLA$b00$c20120229$lBLL01$h1634
=CAT  \\$aIPL-CLA$c20120330$lBLL01$h1348
=CAT  \\$aBATCH-CLA$b00$c20120531$lBLL01$h1715
=CAT  \\$aIPL-CLA$c20120629$lBLL01$h0944
=CAT  \\$aBATCH-CLA$b00$c20120831$lBLL01$h1524
=CAT  \\$aIPL-CLA$c20120930$lBLL01$h1954
=CAT  \\$aBATCH-CLA$b00$c20121103$lBLL01$h1033
=CAT  \\$aBATCH-CLA$b00$c20131129$lBLL01$h1649
=CAT  \\$aIPL-CLA$c20131231$lBLL01$h1827
=CAT  \\$aWR14_140$c20140905$lBLL01$h1712
=CAT  \\$a10973$b40$c20160127$lBLL01$h1413
=CAT  \\$aBATCH-CLA$b00$c20161130$lBLL01$h1637
=CAT  \\$aIPL-CLA$c20161230$lBLL01$h1753
=CAT  \\$aBATCH-CLA$b00$c20171130$lBLL01$h1703
=CAT  \\$aIPL-CLA$c20171231$lBLL01$h1330
=CAT  \\$aBATCH-CLA$b00$c20190909$lBLL01$h1717
=CAT  \\$aIPL-CLA$c20190930$lBLL01$h1626
=CAT  \\$aBATCH-CLA$b00$c20221130$lBLL01$h1419
=CAT  \\$aIPL-CLA$c20221231$lBLL01$h1431
=CAT  \\$aBATCH-CLA$b00$c20230209$lBLL01$h1507
=CAT  \\$aIPL-CLA$c20230209$lBLL01$h2330
=CAT  \\$a14412$b40$c20230309$lBLL01$h1437
=CAT  \\$a14412$b40$c20230309$lBLL01$h1437
=CAT  \\$a14412$b40$c20230309$lBLL01$h1439
=CAT  \\$a14412$b40$c20230309$lBLL01$h1439
=CFI  0\$aCurrent Copyright Fee: GBP25.00$c0$e09-feb-2023$fGBP25.00$g0$hC$5Uk
=CFI  2\$aBritish Library not licensed to copy$c0$e01-jan-2023$hC$iCFP Excluded$5Uk
=FIN  \\$aY
=LEO  \\$aMP10.0000204938
=LEO  \\$aMP5.0001510559
=LEO  \\$aMP22.0000061879
=LEO  \\$aMP25.0000331715
=SRC  \\$aDSS01$bbibmp10.200404.2.aa
=SRC  \\$aDSS03$bbibsr.200404.2.aa
=SRC  \\$aBNB03$bbibmp5.200404.2.ac
=SRC  \\$aISN01$bbibmp22.200404.2.aa
=SRC  \\$aSRI01$bbibmp25.200404.2.aa
=TCO  \\$aCLA$bCLA$c008
=TOC  \\$aETOC
=ACF  \\$aPrevious Copyright Fee: GBP12.00$c0$e01-apr-2012$fGBP12.00$g0$hC$5Uk
=ACF  \\$aPrevious Copyright Fee: GBP12.00$c0$e01-jan-2012$fGBP12.00$g0$hC$5Uk
=ACF  \\$aPrevious Copyright Fee: GBP10.50$c0$e01-oct-2011$fGBP10.50$g0$hC$5Uk
=ACF  \\$aPrevious Copyright Fee: GBP10.50$c0$e01-jul-2011$fGBP10.50$g0$hC$5Uk
=ACF  \\$aPrevious Copyright Fee: GBP10.50$c0$e01-apr-2011$fGBP10.50$g0$hC$5Uk
=ACF  \\$aPrevious Copyright Fee: GBP10.50$c0$e01-jan-2011$fGBP10.50$g0$hC$5Uk
=ACF  \\$aPrevious Copyright Fee: GBP9.00$c0$e01-oct-2010$fGBP9.00$g0$hC$5Uk
=ACF  \\$aPrevious Copyright Fee: GBP9.00$c0$e01-jul-2010$fGBP9.00$g0$hC$5Uk
=ACF  \\$aPrevious Copyright Fee: GBP9.00$c0$e01-apr-2010$fGBP9.00$g0$hC$5Uk
=ACF  \\$aPrevious Copyright Fee: GBP9.00$c0$e01-Jan-2010$fGBP9.00$g0$hC$5Uk
=ACF  \\$aPrevious Copyright Fee: GBP6.00$c0$e01-oct-2009$fGBP6.00$g0$hC$5Uk
=ACF  \\$aPrevious Copyright Fee: GBP6.00$c0$e01-jul-2009$fGBP6.00$g0$hC$5Uk
=ACF  \\$aPrevious Copyright Fee: GBP6.00$c0$e01-apr-2009$fGBP6.00$g0$hC$5Uk
=ACF  \\$aPrevious Copyright Fee: GBP6.00$c0$e01-jan-2009$fGBP6.00$g0$hC$5Uk
=ACF  \\$aPrevious Copyright Fee: GBP6.00$c0$e01-oct-2008$fGBP6.00$g0$hC$5Uk
=ACF  \\$aPrevious Copyright Fee: GBP6.00$c0$e01-jul-2008$fGBP6.00$g0$hC$5Uk
=ACF  \\$aPrevious Copyright Fee: GBP6.00$c0$e01-apr-2008$fGBP6.00$g0$hC$5Uk
=ACF  \\$aPrevious Copyright Fee: GBP6.00$c0$e01-jan-2008$fGBP6.00$g0$hC$5Uk
=ACF  \\$aPrevious Copyright Fee: GBP5.00$c0$e01-oct-2007$fGBP5.00$g0$hC$5Uk
=ACF  \\$aPrevious Copyright Fee: GBP5.00$c0$e01-jul-2007$fGBP5.00$g0$hC$5Uk
=ACF  \\$aPrevious copyright fee: GBP5.00$c0$e01-oct-2002$fGBP5.00$g0$hA$5Uk
=ACF  \\$aPrevious Copyright Fee: GBP12.00$c0$e01-jul-2012$fGBP12.00$g0$hC$5Uk
=ACF  \\$aPrevious Copyright Fee: GBP12.00$c0$e01-oct-2012$fGBP12.00$g0$hC$5Uk
=ACF  \\$aPrevious Copyright Fee: GBP12.30$c0$e01-jan-2014$fGBP12.30$g0$hC$5Uk
=ACF  \\$aPrevious Copyright Fee: GBP15.00$c0$e01-jan-2017$fGBP15.00$g0$hC$5Uk
=ACF  \\$aPrevious Copyright Fee: GBP17.50$c0$e01-jan-2018$fGBP17.50$g0$hC$5Uk
=ACF  \\$aPrevious Copyright Fee: GBP25.00$c0$e01-oct-2019$fGBP25.00$g0$hC$5Uk
=LAS  \\$a14412$b40$c20230309$lBLL01$h1439

