=LDR  03705cas a2200901 a 4500
=001  012446116
=003  Uk
=005  20230228105824.0
=006  m\\\\||\\d\|\\\\\\
=007  co\|||||||||||
=008  040416d199u2020enkqr\\\q\\\\\0\\\a0eng\\
=FMT  \\$a  SE
=015  \\$aGBA300718$2bnb
=019  0\$as682448001
=040  \\$aUk$cUk$dUk
=042  \\$aukblsr
=082  04$a387.2$221
=245  00$aWorld shipping encyclopaedia$h[electronic resource].
=246  13$aLloyd's Register Fairplay world shipping encyclopaedia
=246  13$aIHS Fairplay world shipping encyclopaedia
=246  13$aWorld shipping encyclopedia
=246  1\$iTitle printed on flash drive:$aWSE
=260  \\$aRedhill :$bLloyd's Register-Fairplay Ltd,$c-2020.
=264  21$aBracknell :$bIHS Global Limited
=264  31$3<2019>-$a[Coulsdon, Surrey] :$bIHS Markit
=300  \\$aCD-ROMs, DVD-ROMs and USB flash drives :$bcol. ;$c4 3/4 in. and 6 x 2cm, in box 10 x 4 cm.
=310  \\$aQuarterly
=336  \\$atext$2rdacontent
=337  \\$acomputer$2rdamedia
=338  \\$acomputer disc$2rdacarrier
=338  \\$acomputer chip cartridge$2rdacarrier
=500  \\$aCovers commercial vessels, companies, ports and distance tables.
=500  \\$aTo October 2018 issued on computer discs; from 2019 issued on USB flash drives.
=500  \\$a<2002> issue accompanied by computer disks and user guides.
=500  \\$aDescription based on: v.9.35 (Oct. 2002) issue; title from title screen.
=500  \\$aContinued in an IHS Markit database.
=588  \\$aLatest issue consulted: January 2019.
=505  0\$aIncludes: Fairplay ports guide.
=650  \7$aShip registers.$2fast$0(OCoLC)fst01116202
=650  \7$aHarbors.$2fast$0(OCoLC)fst00951219
=650  \7$aShipping.$2fast$0(OCoLC)fst01116352
=655  \7$aDirectories.$2fast$0(OCoLC)fst01423796
=710  2\$aIHS Markit (Firm),$eissuing body.
=710  2\$aLloyd's Register-Fairplay Ltd.
=710  2\$aIHS Global Limited.
=740  0\$aFairplay ports guide.
=859  \\$aELD$bejournal
=852  41$aBritish Library$bSTI$j(TP) AA 778 -E(108) BUSINESS$32002-
=957  \\$a021031c
=985  \\$aIntervening 246s and 264 added from other library records; decision to add USB flash drives to this record following Conser module 30, 7.4.1 and 11; Reading Room PCs don't have USB drives, so the access copy from 2019 will be put onto CD-ROM.
=985  \\$aContinued in a database, probably the IHS Markit Maritime Portal Desktop
=A02  \\$a3008449$z0
=CAT  \\$aCONV$b00$c20040425$lBLL90$h0713
=CAT  \\$aCONV$b00$c20040502$lBLL01$h1509
=CAT  \\$aBATCH$b00$c20091210$lBLL01$h2335
=CAT  \\$aBATCH$b00$c20091214$lBLL01$h0847
=CAT  \\$aBATCH$b00$c20091216$lBLL01$h0220
=CAT  \\$a3072$b40$c20171030$lBLL01$h1412
=CAT  \\$a3072$b40$c20171030$lBLL01$h1420
=CAT  \\$aW1711-1005$c20171206$lBLL01$h1816
=CAT  \\$a3072$b40$c20190213$lBLL01$h1714
=CAT  \\$a3072$b40$c20190218$lBLL01$h1238
=CAT  \\$a3072$b40$c20190218$lBLL01$h1243
=CAT  \\$a3072$b40$c20190219$lBLL01$h1020
=CAT  \\$a3072$b40$c20190228$lBLL01$h1024
=CAT  \\$a8124$b40$c20220420$lBLL01$h1402
=CAT  \\$a3072$b40$c20230216$lBLL01$h1536
=CAT  \\$a3072$b40$c20230220$lBLL01$h1354
=CAT  \\$a3072$b40$c20230227$lBLL01$h1704
=CAT  \\$a3072$b40$c20230228$lBLL01$h1058
=FIN  \\$aY
=LEO  \\$aMP25.0000360518
=LET  \0$aWorld shipping encyclopaedia (USB flash drive)
=SRC  \\$aSRI01$bbibmp25.200404.2.aa
=SRC  \\$aDSS03$bbibsr.200404.2.aa
=SSD  \\$a25500{dollar}a[199-?]-; 74500{dollar}aFairplay ports guide
=TCO  \\$aZZZ$c008
=LAS  \\$a3072$b40$c20230228$lBLL01$h1058

