=LDR  02267aas a2200589 i 4500
=001  012900075
=003  Uk
=005  20140805134934.0
=006  m\\\\\\\\d\|\\\\\\
=007  co||||||||||||
=008  040331c200u9999enkar\\\qfr\\\0\\\a0eng\\
=FMT  \\$a  SE
=015  \\$aGBB479761$2bnb
=022  0\$a1743-7180$202
=040  \\$aUk$beng$cUk$erda
=042  \\$aissnuk
=082  04$a346.078$223
=222  \0$aRestructuring and insolvency$b(CD-ROM)
=245  00$aRestructuring and insolvency :$bthe law and leading lawyers worldwide.
=246  13$aPLC restructuring and insolvency
=260  \\$a[London] :$bLegal and Commercial Publishing
=264  31$aLondon :$bPractical Law Company
=300  \\$aCD-ROMs ;$c3 3/4 in.
=310  \\$aAnnual
=336  \\$atext$2rdacontent
=337  \\$acomputer$2rdamedia
=338  \\$acomputer disc$2rdacarrier
=490  1\$aGlobal counsel handbooks
=490  1\$a<2010- >: PLC cross-border handbooks
=538  \\$aSystem requirements: IBM compatible PC; Windows.
=588  \\$aDescription based on: 2012 issue; title printed on disc.
=650  \0$aCorporate reorganizations$xLaw and legislation$vHandbooks, manuals, etc.
=650  \0$aBusiness failures$xLaw and legislation$vHandbooks, manuals, etc.
=650  \0$aBankruptcy$xLaw and legislation$vHandbooks, manuals, etc.
=650  \0$aBankruptcy lawyers$vDirectories.
=710  2\$aPractical Law Company,$eissuing body.
=776  08$iAlso issued in print as:$tRestructuring and insolvency handbook$x1479-0580
=859  \\$aELD$bejournal
=830  \0$aGlobal counsel handbooks.
=830  \0$aPLC cross-border handbooks.
=852  41$aBritish Library$bHMNTS$jEC.9.x.1017$32010/2011
=CAT  \\$a9570$b40$c20040331$lTMP01$h1452
=CAT  \\$aEXLIBRIS$c20040606$lBLL01$h1132
=CAT  \\$a6537$b40$c20070211$lBLL01$h1024
=CAT  \\$aBATCH$b00$c20091217$lBLL01$h0319
=CAT  \\$a3072$b40$c20140805$lBLL01$h1347
=CAT  \\$a3072$b40$c20140805$lBLL01$h1349
=CAT  \\$aW1711-1005$c20171206$lBLL01$h1816
=FIN  \\$aY$d20070211
=LKR  \\$aPAR$b009915811$lBLL01$r776$mRestructuring and insolvency (CD-ROM)$nRestructuring and insolvency handbook (Print)
=TCO  \\$aCLA$bCLA$c008
=LAS  \\$aW1711-1005$b00$c20171206$lBLL01$h1816

