=LDR  02959cas a2200781 a 4500
=001  007204969
=003  Uk
=005  20190912112744.0
=006  m\\\\\q\\d\\\\\\\\
=007  co\ug|||||||||
=008  030423c20029999enkmr\psq\\\\\0\\\a0eng\d
=FMT  \\$a  SE
=015  \\$aGBB7K1224$2bnb
=035  \\$a(OCoLC)52226425
=040  \\$aEQO$beng$cEQO$dOCLCQ$dOCLCF$dOCLCO$dOCLCQ$dOCLCO$dUk
=042  \\$aukblsr
=043  \\$ae-uk-en$ae-uk-wl
=082  04$a346.42015$223
=245  00$aButterworths family and child law library.
=246  30$aFamily and child law library
=260  \\$a[London] :$bButterworths LexisNexis
=300  \\$aCD-ROMs ;$c4 3/4 in.
=310  \\$aMonthly
=336  \\$atext$2rdacontent
=336  \\$atext$btxt$2rdacontent
=337  \\$acomputer$2rdamedia
=337  \\$acomputer$bc$2rdamedia
=338  \\$acomputer disc$bcd$2rdacarrier
=500  \\$a"Contains HotDocs software"--Disc label.
=500  \\$a"LexisNexis; Butterworths; Tolley"--Disc sleeve.
=500  \\$aContains "books on screen" (bos) software and instructions for updating on disc sleeve.
=538  \\$aSystem requirements: IBM compatible PC; Windows 3.xx/95/98/NT; CD-ROM drive.
=588  \\$aDescription based on: May 2002 issue; title from disc label.
=588  \\$aLatest issue consulted: September 2017.
=650  \0$aDomestic relations$zEngland$vDatabases.
=650  \0$aDomestic relations$zWales$vDatabases.
=650  \0$aChildren$xLegal status, laws, etc.$zEngland$vDatabases.
=650  \0$aChildren$xLegal status, laws, etc.$zWales$vDatabases.
=650  \7$aChildren$xLegal status, laws, etc.$2fast$0(OCoLC)fst00855046
=650  \7$aDomestic relations.$2fast$0(OCoLC)fst00896646
=651  \7$aEngland.$2fast$0(OCoLC)fst01219920
=651  \7$aWales.$2fast$0(OCoLC)fst01207649
=655  \7$aDatabases.$2fast$0(OCoLC)fst01411643
=710  2\$aButterworths (Firm)
=710  2\$aTolley Publishing Company.
=710  2\$aLexisNexis (Firm)
=787  0\$tButterworth's family law service
=859  \\$aELD$bejournal
=852  41$aBritish Library$bHMNTS$jCD.2000/116
=A02  \\$a1102972$z102972
=CAT  \\$aCONV$b00$c20040425$lBLL90$h0713
=CAT  \\$aCONV$b00$c20040502$lBLL01$h1212
=CAT  \\$aBATCH$b00$c20091207$lBLL01$h0420
=CAT  \\$aBATCH$b00$c20091214$lBLL01$h0225
=CAT  \\$aBATCH$b00$c20091216$lBLL01$h0044
=CAT  \\$a3072$b40$c20171030$lBLL01$h1446
=CAT  \\$a3072$b40$c20171030$lBLL01$h1447
=CAT  \\$a3072$b40$c20171030$lBLL01$h1459
=CAT  \\$aW1711-1005$c20171206$lBLL01$h1814
=CAT  \\$a9667$b40$c20190912$lBLL01$h1124
=CAT  \\$a9667$b40$c20190912$lBLL01$h1127
=FIN  \\$aY$d20171030
=LET  \\$aButterworths family and child law library(CD-Rom)
=LET  \0$aButterworths family and child law library (Electronic)
=SID  \\$aZ39$bOCLC
=SRC  \\$aDSS04$bbibld.200404.2.aa
=TCO  \\$aZZZ$c008
=LAS  \\$a9667$b40$c20190912$lBLL01$h1127

