=LDR  00703 as a22002295i 4500
=001  020124854
=003  Uk
=005  20210304100229.0
=006  m\\\\\|\\d\|\\\\\\
=007  cr\|||||||||||
=008  210304c\\\\9999\\\\\\p\o\\\\\0\\\a0eng\\
=FMT  \\$a  SE
=245  00$aWiley Digital Archive :$bBritish Association for the Advancement of Science.
=264  \1$bWiley via Jisc.
=336  \\$atext$2rdacontent
=337  \\$acomputer$2rdamedia
=338  \\$aonline resource$2rdacarrier
=859  \\$aELD$bejournal
=852  41$aBritish Library$bSTI$je-media
=985  \\$aFree of charge accessioning record awaiting upgrade
=CAT  \\$a10902$b40$c20210304$lBLL01$h1002
=LAS  \\$a10902$b40$c20210304$lBLL01$h1002

