=LDR  02634 as a2200493 i 4500
=001  017736762
=003  Uk
=005  20160208163739.0
=006  m\\\\\\\\d\|\\\\\\
=007  co||||||||||||
=008  160208d201u2015xxkqr\p\qf\\\\0\\\a0eng\\
=FMT  \\$a  SE
=040  \\$aUk$beng$cUk$erda
=042  \\$aukblsr
=082  04$a657.90420941$223
=245  00$aSCR procedures manual on disc.
=246  3\$aSmall company reporting procedures manual on disc
=264  \1$a[Great Britain] :$bSmall Company Reporting Limited
=300  \\$aCD-ROMs ;$c3 3/4 in.
=310  \\$aQuarterly
=336  \\$atext$2rdacontent
=337  \\$acomputer$2rdamedia
=338  \\$acomputer disc$2rdacarrier
=362  1\$aCeased with volume 23.3 (winter 2014/15).
=500  \\$a"Each disc contains the whole current text of the scr procedures annual in portable document format (PDF) and in Word format" - introductory notes.
=538  \\$aSystem requirements: IBM compatible PC running Windows 2000 or later; 1.3 gigahertz processor or later; 128 MB RAM (256 recommended); Internet Explorer 6 or later; 335 MB of free hard disk space; Adobe Acrobat Reader.
=580  \\$aFrom 2015 issued as an online manual from which "subscribers can download documents on demand".
=588  \\$aDescription based on: volume 23.3 (winter 2014/15); title printed on disc.
=650  \0$aAccounting$xStandards$zGreat Britain$vHandbooks, manuals, etc.
=650  \0$aCorporation reports$xStandards$zGreat Britain$vHandbooks, manuals, etc.
=650  \0$aFinancial statements$xStandards$zGreat Britain$vHandbooks, manuals, etc.
=650  \0$aSmall business$zGreat Britain$xAccounting$vHandbooks, manuals, etc.
=690  7\$aManagement and Business Studies$2blcoll
=859  \\$aELD$bejournal
=852  41$aBritish Library$bHMNTS$jEC.9.x.1038$3Volume 23.3(Winter 2014/2015)
=985  \\$aThis is a different publication from "SCR reporting/Small company reporting" runs in parallel - see subscriptions page http://www.smallcompanyreporting.co.uk/subscriptions - don't think we had the print version of SCR procedures manual - tried under acronym and full title; in future only available as a download from the website - "subscribers can download documents on demand" - see note on 007241038.
=CAT  \\$a3072$b40$c20160208$lBLL01$h1635
=CAT  \\$a3072$b40$c20160208$lBLL01$h1636
=CAT  \\$a3072$b40$c20160208$lBLL01$h1637
=CAT  \\$aBATCH-MBS$c20160408$lBLL01$h2052
=CAT  \\$aW1711-1005$c20171206$lBLL01$h1829
=FIN  \\$aY$d20160208
=LET  \0$aSCR procedures manual on disc (CD-ROM)
=LAS  \\$aW1711-1005$b00$c20171206$lBLL01$h1829

