=LDR  02881cas a2200541 i 4500
=001  018098452
=003  Uk
=005  20161116133943.0
=006  m\\\\\\\\d\|\\\\\\
=007  co||||||||||||
=008  161110d2013201uenk||\|\q\\\\o0\\\a0eng\\
=FMT  \\$a  SE
=040  \\$aUk$beng$cUk$dUk$erda
=042  \\$aukblsr
=082  04$a362.109420218$223
=110  2\$aNational Institute for Health and Clinical Excellence (Great Britain),$eauthor.
=245  10$a[NICE publications].
=246  3\$aNational Institute for Health and Clinical Excellence publications
=264  \0$a[London] :$b[National Institute for Health and Clinical Excellence],$c[2013-2016?]
=300  \\$a11 DVD-ROMs ;$c3 3/4 in.
=336  \\$atext$2rdacontent
=337  \\$acomputer$2rdamedia
=338  \\$acomputer disc$2rdacarrier
=500  \\$aReproduction of a collection of NICE guidance/NICE guidelines, April 2013-December 2015, and: Nice advice, January 2014-December 2015.
=500  \\$aIncludes the following series of NICE guidance/NICE guidelines: CG (Clinical guideline); IPG = IP (Interventional procedures guidance); LGB (Local government briefings); MTG (Medical technologies guidance); PH (Public health guideline); QS (Quality standard); TA (Technology appraisal guidance).
=520  \\$aIncludes the following series of NICE advice: ESNM: (Evidence summaries: new medicines); LGB (Local government briefings); MIB (Medtech innovation briefings).
=538  \\$aSystem requirements: IBM compatible PC running Windows 98 or later.
=588  \\$aDescription based on: July/Dec 2013 (3 of 3) issue; title written on disc.
=650  \0$aTherapeutics$xStandards$zEngland.
=690  7\$aSocial Welfare$2blcoll
=740  0\$aNICE guidance.
=740  0\$aNICE guidelines.
=740  0\$aNICE advice.
=859  \\$aELD$bejournal
=852  41$aBritish Library$bHMNTS$jSPR.CD.1197$3(2013:Apr./Jun.)-
=985  \\$aDiscussion re. whether a collection of 2 series of monos is a serial or a mono (multipart); decided on serial as even though a closed set could potentially be ongoing (at series level) and David has rec'd zip file of later issues + subsequent ones will be web archived; plus David needs to be doing the accessioning GC; Dont think 776s would be appropriate as not equivalent level to 245 & 775s would imply same format.
=CAT  \\$a3072$b40$c20161110$lBLL01$h1727
=CAT  \\$a3072$b40$c20161110$lBLL01$h1734
=CAT  \\$a3072$b40$c20161110$lBLL01$h1736
=CAT  \\$a3072$b40$c20161115$lBLL01$h1533
=CAT  \\$a3072$b40$c20161115$lBLL01$h1540
=CAT  \\$a3072$b40$c20161115$lBLL01$h1554
=CAT  \\$a3072$b40$c20161116$lBLL01$h1209
=CAT  \\$a3072$b40$c20161116$lBLL01$h1339
=CAT  \\$aBATCH-SWP$c20161125$lBLL01$h2220
=CAT  \\$aW1711-1005$c20171206$lBLL01$h1829
=FIN  \\$aY$d20161115
=LAS  \\$aW1711-1005$b00$c20171206$lBLL01$h1829

