=LDR  02535 as a2200481 i 4500
=001  018106148
=003  Uk
=005  20161117140711.0
=006  m\\\\\\\\d\|\\\\\\
=007  co||||||||||||
=008  161116c19839999xxkuu\p\q\\\\\0\\\a0eng\\
=FMT  \\$a  SE
=040  \\$aUk$beng$cUk$erda
=042  \\$aukblsr
=082  04$a651.5094105$223
=245  00$aInformation and Records Management Society bulletins.
=246  13$aIRMS bulletin
=264  \1$a[Great Britain] :$bInformation and Records Management Society
=300  \\$aCD-ROMs ;$c3 3/4 in.
=336  \\$atext$2rdacontent
=337  \\$acomputer$2rdamedia
=338  \\$acomputer disc$2rdacarrier
=520  \\$a"This CD contains a complete collection of the IRMS Bulletin (all 180+ issues) which you can access using Adobe Reader. In addition, a full text search index has been created and included on the CD ...".
=538  \\$aSystem requirements: IBM compatible PC running Windows 98 or later; Adobe Acrobat Reader.
=588  \\$aDescription based on: bulletins no. 1-181 (1983-2014); title from disc label.
=650  \0$aRecords$xManagement$vPeriodicals.
=710  2\$aRecords Management Society,$eissuing body.
=730  02$aRecords management bulletin.
=730  02$aBulletin (Records Management Society)$x0268-4500.
=730  02$aRecords management bulletin (Princes Risborough, England)$x1746-9457.
=730  02$aBulletin (Records Management Society : 2004)$x1746-9465.
=730  02$aBulletin (Information and Records Management Society)$x2045-6581.
=859  \\$aELD$bejournal
=852  41$aBritish Library$bHMNTS$jEC.9.x.1058$3Bulletins 1/181
=985  \\$aConsidered whether simultaneous publication or reproduction. Don't know, but they've gone to the trouble of creating a full text search index, so it may be ongoing, possibly cumulative. In view of this, treated as simultaneous. CONSER module 30 suggests 776 or 787 fields at 9.1, but in view of uncertainly have gone for vaguer 730s. Am not sure of use of multiple 776s (in 9.1 "Accessible archives" example) as 787 is used on associated Pennsylvania gazette and weekly advertiser - would have thought links should be reciprocal?
=CAT  \\$a3072$b40$c20161116$lBLL01$h1728
=CAT  \\$a3072$b40$c20161116$lBLL01$h1729
=CAT  \\$a3072$b40$c20161116$lBLL01$h1734
=CAT  \\$a3072$b40$c20161117$lBLL01$h1406
=CAT  \\$a3072$b40$c20161117$lBLL01$h1407
=CAT  \\$aW1711-1005$c20171206$lBLL01$h1829
=FIN  \\$aY$d20161117
=LAS  \\$aW1711-1005$b00$c20171206$lBLL01$h1829

