=LDR  02231cas a2200505 i 4500
=001  016688158
=003  Uk
=005  20140729150621.0
=006  m\\\\\\\\d\|\\\\\\
=007  co||||||||||||
=008  140415c19939999enkar\\\s\\\\o0\\\a0eng\\
=FMT  \\$a  SE
=015  \\$aGBB440922$2bnb
=040  \\$aUk$beng$cUk$dUk$erda
=042  \\$aukblsr
=082  04$a363.7394630941$223
=245  00$aMarine environmental radioactivity surveys at nuclear submarine berths /$cDstl Environmental Sciences Department.
=246  1\$iTitle bar title:$aMES report
=264  \1$aLondon :$bTSO
=300  \\$aCD-ROMs :$bmaps (colour) ;$c3 3/4 in.
=310  \\$aAnnual
=336  \\$atext$2rdacontent
=337  \\$acomputer$2rdamedia
=338  \\$acomputer disc$2rdacarrier
=362  1\$aPrint began in 1993
=515  \\$aEach issue includes surveys for the current year and the 4 preceding years (e.g. 2012 includes 2008-2012).
=538  \\$aSystem requirements: IBM compatible PC running Windows 98 or later; Adobe Acrobat Reader.
=588  \\$aDescription based on: 2012 issue; title printed on disc.
=650  \0$aRadioactivity$xToxicology$zGreat Britain$vSurveys$vPeriodicals.
=650  \0$aMarine pollution$zGreat Britain$vSurveys$vPeriodicals.
=710  2\$aDstl Environmental Sciences Department,$eissuing body.
=776  08$iPrint version, -2008?$tMarine environmental radioactivity surveys at nuclear submarine berths
=859  \\$aELD$bejournal
=852  41$aBritish Library$bHMNTS$jEC.9.x.1007$32012-
=CAT  \\$a3072$b40$c20140415$lBLL01$h1356
=CAT  \\$a3072$b40$c20140415$lBLL01$h1359
=CAT  \\$a3072$b40$c20140729$lBLL01$h1506
=CAT  \\$a9081$b40$c20150610$lBLL01$h1139
=CAT  \\$aBATCH-UPD$b40$c20150711$lBLL01$h1742
=CAT  \\$aBATCH-UPD$b40$c20151018$lBLL01$h1223
=CAT  \\$aW1711-1005$c20171206$lBLL01$h1827
=FIN  \\$aY$d20140415
=LET  \0$aMarine environmental radioactivity surveys at nuclear submarine berths (CD-ROM)
=LKR  \\$aPAR$b011751756$lBLL01$r776$mMarine environmental radioactivity surveys at nuclear submarine berths (CD-ROM)$nMarine environmental radioactivity surveys at nuclear submarine berths (Print)
=LAS  \\$aW1711-1005$b00$c20171206$lBLL01$h1827

