=LDR  02039cas a2200541 a 4500
=001  016699140
=003  Uk
=005  20140430143638.0
=006  m\\\\f\\\d\\\\\\\\
=007  co|bg||||uuuuu
=008  100428c200u9999enkar\p\q\\\\\0\\\a0eng\d
=FMT  \\$a  SE
=015  \\$aGBB445419$2bnb
=035  \\$a(OCoLC)609963095
=040  \\$aEQO$beng$cEQO$dOCLCQ$dUk
=042  \\$aukblsr
=043  \\$ae-uk-en$ae-uk-wl
=082  04$a346.42054$223
=245  00$aPrecedents on disc.$pWills precedents$h[electronic resource].
=246  1\$iTitle on disc installation screen:$aPractical will precedents on disc
=246  30$aWills precedents
=246  3\$aPWP
=260  \\$aLondon :$bSweet & Maxwell
=300  \\$aCD-ROMs ;$c4 3/4 in.
=310  \\$aAnnual
=336  \\$atext$2rdacontent
=337  \\$acomputer$2rdamedia
=338  \\$acomputer disc$2rdacarrier
=500  \\$aBy Murray Hallam, etc.--installation screen.
=538  \\$aSystem requirements: PC; Windows; Windows 2000 or later.
=588  \\$aDescription based on: Release 22 (2009); title from disc surface.
=588  \\$aLatest issue consulted: release 26 [2013].
=650  \0$aWills$zEngland$vForms$vPeriodicals.
=650  \0$aWills$zWales$vForms$vPeriodicals.
=700  1\$aHallam, Murray.
=710  2\$aSweet & Maxwell.
=776  08$iLoose-leaf main work:$tPractical will precedents
=780  00$tPractical will precedents (CD-ROM)
=859  \\$aELD$bejournal
=852  41$aBritish Library$bHMNTS$jEC.9.x.1026$3Release 27(2015)-
=985  \\$aalthough a big gap between 007209717 and this, there probably hasn't been another title inbetween (so sign of any others on derived records).
=CAT  \\$a3072$b40$c20140430$lBLL01$h1436
=CAT  \\$aW1711-1005$c20171206$lBLL01$h1827
=FIN  \\$aY$d20140430
=LET  \0$aPrecedents on disc. Wills precedents (CD-ROM)
=LKR  \\$aPAR$b007209717$lBLL01$r78000$mPrecedents on disc. Wills precedents$nPractical will precedents
=SID  \\$aZ39$bOCLC
=LAS  \\$aW1711-1005$b00$c20171206$lBLL01$h1827

