=LDR  02692 as a2200577 a 4500
=001  016710194
=003  Uk
=005  20180424100641.0
=006  m\\\\\\\\d\|\\\\\\
=007  cj\ca|||||||||
=007  co\cg|||||||||
=008  031119d199u2016enkfr\\\q\\\\\0\\\a0eng\d
=FMT  \\$a  SE
=015  \\$aGBB449282$2bnb
=035  \\$a(OCoLC)53457180
=040  \\$aHUA$beng$cHUA$dOCLCQ$dUk
=042  \\$aukblsr
=043  \\$ae-uk---
=082  04$a346.420323$223
=245  00$aPersonal injury toolkit$h[electronic resource].
=260  \\$aLondon, England :$bSweet & Maxwell,$c-[2016]
=300  \\$acomputer disks :$bcol. ;$c3 1/2 in.
=310  \\$aUpdated twice a year
=336  \\$atext$2rdacontent
=337  \\$acomputer$2rdamedia
=338  \\$acomputer disc$2rdacarrier
=362  1\$aCeased with 2016/issue 1.
=500  \\$aDesigned by Graham Reeds, Charles Foster and Mark Bennet.
=500  \\$aFrom 01/00 (1999 ed.) issued in CD-ROM format.
=520  \\$aEnables users to carry out complex damages calculations, including interest on damages, income tax liability, the effect of interim payments on interest, life expectancy, Roberts v Johnstone claims, and an inflation table. Consists of a set of calculators, each with explanatory notes, discussing the legal principles behind the calculations, citing authorities where relevant.
=538  \\$aSystem requirements: IBM PC or compatible; Windows.
=588  \\$aDescription based on: Issue 2 (2nd ed., copyrighted 1998); title from title screen.
=588  \\$aLatest issue consulted: 2013/issue 1; title from disc label.
=650  \0$aPersonal injuries$xEconomic aspects$xData processing$vSoftware.
=650  \0$aDamages$xEconomic aspects$xData processing$vSoftware.
=650  \0$aClaims$xData processing$vSoftware.
=650  \0$aLiability (Law)$xEconomic aspects$xData processing$vSoftware.
=650  \0$aTax accounting$xData processing$vSoftware.
=650  \0$aPersonal injuries$zGreat Britain$vSoftware.
=710  2\$aSweet & Maxwell.
=859  \\$aELD$bejournal
=852  41$aBritish Library$bHMNTS$jESC.9.a.71$3Issue 1 (2012)-Issue 1 (2016)
=985  \\$aQueried whether RARPable, but records are out there from other libraries, and no one aware of any RARP decision for this, so AG says to do; unable to load due to licence issues - not sure if just software or not.
=CAT  \\$a3072$b40$c20140507$lBLL01$h1130
=CAT  \\$a3072$b40$c20140507$lBLL01$h1135
=CAT  \\$a10902$b40$c20140627$lBLL01$h1114
=CAT  \\$aW1711-1005$c20171206$lBLL01$h1827
=CAT  \\$a3072$b40$c20180424$lBLL01$h1006
=FIN  \\$aY$d20140507
=SID  \\$aZ39$bOCLC
=LAS  \\$a3072$b40$c20180424$lBLL01$h1006

