=LDR  01874cas a2200481 i 4500
=001  016740955
=003  Uk
=005  20220914123524.0
=006  m\\\\\\\\d\|\\\\\\
=007  co||||||||||||
=008  140616d200u2016enkar\\\q\\\\\0\\\a0eng\\
=FMT  \\$a  SE
=015  \\$aGBB461092$2bnb
=040  \\$aUk$beng$cUk$erda
=042  \\$aukblsr
=082  04$a624.0289$223
=245  00$aConstruction site safety :$bhealth, safety and environment information /$cConstruction Industry Training Board.
=264  \1$aKing's Lynn :$bContructionSkills
=300  \\$aCD-ROMs :$billustrations (colour) ;$c3 3/4 in.
=310  \\$aAnnual
=336  \\$atext$2rdacontent
=337  \\$acomputer$2rdamedia
=338  \\$acomputer disc$2rdacarrier
=500  \\$aIn container.
=538  \\$aSystem requirements: IBM compatible PC running Windows 98 or later; Intel Pentium II 450 M-tz processor or later; 256 MB RAM of free hard disk space.
=588  \\$aDescription based on: 2010 issue; title from disc label.
=588  \\$aLatest issue consulted: 2011.
=650  \0$aConstruction industry$zGreat Britain$xSafety measures$vPeriodicals.
=650  \0$aConstruction industry$xSafety regulations$zGreat Britain$vPeriodicals.
=710  2\$aCITB-ConstructionSkills,$eissuing body.
=859  \\$aELD$bejournal
=852  41$aBritish Library$bHMNTS$jESC.9.a.72$32010-2014
=CAT  \\$a3072$b40$c20140616$lBLL01$h1428
=CAT  \\$a3072$b40$c20140616$lBLL01$h1434
=CAT  \\$a3072$b40$c20140616$lBLL01$h1435
=CAT  \\$a3072$b40$c20140617$lBLL01$h1419
=CAT  \\$a10902$b40$c20140627$lBLL01$h0928
=CAT  \\$a10902$b40$c20141217$lBLL01$h1621
=CAT  \\$aW1711-1005$c20171206$lBLL01$h1827
=CAT  \\$a6490$b40$c20220914$lBLL01$h1235
=FIN  \\$aY$d20140616
=LET  \0$aConstruction site safety (Electronic - CD Rom)
=LAS  \\$a6490$b40$c20220914$lBLL01$h1235

