=LDR  02074cas a2200493 i 4500
=001  016813151
=003  Uk
=005  20180430120050.0
=006  m\\\\\\\\d\|\\\\\\
=007  co||||||||||||
=008  140805c20uu9999enkar\\\q\\\\\0\\\a0eng\\
=FMT  \\$a  SE
=015  \\$aGBB479736$2bnb
=040  \\$aUk$beng$cUk$erda
=042  \\$aukblsr
=082  04$a363.11094105$223
=130  0\$aHealth and safety adviser (Practical CD-ROM)
=245  10$aHealth and safety adviser :$bpractical CD-ROM.
=246  13$aHealth and safety adviser CD-ROM
=246  13$aPractical CD-ROM health and safety adviser
=264  \1$aSkipton :$bAgora Business Publications LLP
=300  \\$aCD-ROMs :$billustrations (colour) +$ebooklet ;$c3 3/4 in.
=310  \\$aAnnual
=336  \\$atext$2rdacontent
=337  \\$acomputer$2rdamedia
=338  \\$acomputer disc$2rdacarrier
=500  \\$a"Practical Tips and Information for Safety Experts, Managers, and Safety Representatives ... Up-to-date and Legally Compliant Solutions for Safety Managers and Representatives in all Sectors."
=516  \\$aPDF, Microsoft Word and Microsoft PowerPoint formats.
=538  \\$aSystem requirements: Pentium Processor; Windows XP or later; 64MB RAM (128MB recommended); 60MB free hard disk space.
=588  \\$aDescription based on: 2012 issue; title from disc label.
=650  \0$aIndustrial safety$zGreat Britain$vHandbooks, manuals, etc.
=650  \0$aIndustrial hygiene$zGreat Britain$vHandbooks, manuals, etc.
=650  \0$aIndustrial safety$zGreat Britain$vForms.
=650  \0$aIndustrial hygiene$zGreat Britain$vForms.
=859  \\$aELD$bejournal
=852  41$aBritish Library$bHMNTS$jEC.9.x.1027$32015-
=CAT  \\$a3072$b40$c20140805$lBLL01$h1025
=CAT  \\$a3072$b40$c20140805$lBLL01$h1130
=CAT  \\$aW1711-1005$c20171205$lBLL01$h2212
=CAT  \\$a3072$b40$c20180430$lBLL01$h1151
=CAT  \\$a3072$b40$c20180430$lBLL01$h1200
=FIN  \\$aY$d20140805
=LET  \0$aHealth and safety adviser: practical CD-ROM (Electronic)
=LAS  \\$a3072$b40$c20180430$lBLL01$h1200

