=LDR  01877 as a2200493 i 4500
=001  016818263
=003  Uk
=005  20140807120108.0
=006  m\\\\\\\\d\|\\\\\\
=007  co||||||||||||
=008  140807d198u2009enkar\\\q\\\\\0\\\a0eng\\
=FMT  \\$a  SE
=015  \\$aGBB483346$2bnb
=040  \\$aUk$beng$cUk$erda
=042  \\$aukblsr
=082  04$a069.094287$223
=110  2\$aTyne and Wear Museums Service.
=245  10$aAnnual report /$cTyne and Wear Museums.
=264  \1$aNewcastle upon Tyne :$bTyne & Wear Museums,$c-2009.
=300  \\$aCD-ROMs :$billustrations (colour) ;$c3 3/4 in.
=310  \\$aAnnual
=336  \\$atext$2rdacontent
=337  \\$acomputer$2rdamedia
=338  \\$acomputer disc$2rdacarrier
=362  1\$aPrint began in 1986?
=362  0\$a-2008/09.
=538  \\$aSystem requirements: IBM compatible PC running Windows 98 or later; Windows; Adobe Acrobat Reader.
=588  \\$aDescription based on: 2008/2009 issue; title from disc label.
=610  20$aTyne and Wear Museums Service$vPeriodicals.
=610  20$aTyne and Wear Museums Service$xFinance$vPeriodicals.
=650  \0$aMuseums$zEngland$zTyne and Wear$vPeriodicals.
=776  08$iPrint version:$aTyne and Wear Museums Service.$tAnnual report
=785  00$aTyne & Wear Archives & Museums.$tAnnual report
=859  \\$aELD$bejournal
=852  41$aBritish Library$bHMNTS$jEC.9.x.1074$3(2008/2009)
=CAT  \\$a3072$b40$c20140807$lBLL01$h1124
=CAT  \\$a3072$b40$c20140807$lBLL01$h1147
=CAT  \\$a3072$b40$c20140807$lBLL01$h1148
=CAT  \\$a3072$b40$c20140807$lBLL01$h1201
=CAT  \\$aW1711-1005$c20171206$lBLL01$h1827
=FIN  \\$aY$d20140807
=LET  \0$aAnnual report - Tyne and Wear Museums Service (CD-ROM)
=LKR  \\$aPAR$b016104863$lBLL01$r776$mAnnual report (Online)$nAnnual report (Print)
=LAS  \\$aW1711-1005$b00$c20171206$lBLL01$h1827

