=LDR  01691 as a2200445 i 4500
=001  016818292
=003  Uk
=005  20140807114852.0
=006  m\\\\\\\\d\|\\\\\\
=007  co||||||||||||
=008  140807d20092011enkar\\\q\\\\\0\\\a0eng\\
=FMT  \\$a  SE
=015  \\$aGBB483356$2bnb
=040  \\$aUk$beng$cUk$erda
=042  \\$aukblsr
=082  04$a069.094287$223
=110  2\$aTyne & Wear Archives & Museums.
=245  10$aAnnual report /$cTyne & Wear Archives & Museums.
=264  \1$aNewcastle upon Tyne :$bTyne & Wear Archives & Museums,$c2010-
=300  \\$aCD-ROMs :$billustrations (colour) ;$c3 3/4 in.
=310  \\$aAnnual
=336  \\$atext$2rdacontent
=337  \\$acomputer$2rdamedia
=338  \\$acomputer disc$2rdacarrier
=362  0\$a2009/10-
=362  1\$aCeased with 2010/11 issue.
=538  \\$aSystem requirements: IBM compatible PC running Windows 98 or later; Windows; Adobe Acrobat Reader.
=500  \\$aTitle from disc label.
=776  08$iPrint version:$aTyne & Wear Archives & Museums.$tAnnual report
=776  08$iOnline version:$aTyne & Wear Archives & Museums.$tAnnual report
=780  00$aTyne and Wear Museums Service.$tAnnual report
=785  00$aTyne and Wear Museums Service.$tImpact report.
=859  \\$aELD$bejournal
=852  41$aBritish Library$bHMNTS$jEC.9.x.1073$3(2008/2009)
=985  \\$adon't know whether this continues in a CD-ROM version or not - may just be print and online.
=CAT  \\$a3072$b40$c20140807$lBLL01$h1148
=CAT  \\$aW1711-1005$c20171206$lBLL01$h1827
=FIN  \\$aY$d20140807
=LET  \0$aAnnual report - Tyne & Wear Archives & Museums (CD-ROM)
=LAS  \\$aW1711-1005$b00$c20171206$lBLL01$h1827

