=LDR  01812 as a2200493 i 4500
=001  016829050
=003  Uk
=005  20141117093350.0
=006  m\\\\\\\\d\|\\\\\\
=007  co||||||||||||
=008  140819d20112011enkar\\\q\\\\\0\\\a0eng\\
=FMT  \\$a  SE
=015  \\$aGBB486567$2bnb
=040  \\$aUk$beng$cUk$dUk$erda
=042  \\$aukblsr
=082  04$a658.321094105$223
=245  00$aBasic PAYE tools :$byour PAYE calculators ... /$cHM Revenue & Customs.
=264  \1$a[London] :$bHM Revenue & Customs
=300  \\$aCD-ROMs :$billustrations (colour) ;$c3 3/4 in.
=310  \\$aAnnual
=336  \\$atext$2rdacontent
=337  \\$acomputer$2rdamedia
=338  \\$acomputer disc$2rdacarrier
=362  0\$a2011.
=500  \\$aTitle from disc label.
=538  \\$aSystem requirements: IBM compatible PC running Windows XP or later; 1 GHz processor; 512MB RAM; 250MB of free hard disk space.
=538  \\$aSystem requirements: MAC 0S 10.5.8 & 10.6.7.
=538  \\$aSystem requirements: Ubuntu Linux 10x10 (x86).
=650  \0$aPayroll tax$zGreat Britain$vSoftware.
=650  \0$aPayroll tax$zGreat Britain$vHandbooks, manuals, etc.
=690  7\$aManagement and Business Studies$2blcoll
=710  1\$aGreat Britain.$bHM Revenue & Customs.
=780  00$tEmployer CD-ROM
=859  \\$aELD$bejournal
=852  41$aBritish Library$bHMNTS$jEC.9.x.1015$32011
=CAT  \\$a3072$b40$c20140819$lBLL01$h1610
=CAT  \\$aBATCH-MBS$c20140919$lBLL01$h2151
=CAT  \\$a8201$b40$c20141117$lBLL01$h0933
=CAT  \\$aBATCH-UPD$b40$c20170421$lBLL01$h0945
=CAT  \\$aW1711-1005$c20171206$lBLL01$h1827
=FIN  \\$aY$d20140819
=LET  \0$aBasic PAYE tools (CD-ROM)
=LKR  \\$aPAR$b015631527$lBLL01$r776$mBasic PAYE tools$nEmployer CD-ROM
=LAS  \\$aW1711-1005$b00$c20171206$lBLL01$h1827

