=LDR  02837cas a2200721 i 4500
=001  016834162
=003  Uk
=005  20230216153211.0
=006  m\\\\\\\\d\|\\\\\\
=007  cb||||||||||||
=008  140821d20132014enkar\\\qr\\\\0\\\a0eng\\
=FMT  \\$a  SE
=015  \\$aGBB489411$2bnb
=022  0\$a2056-7596$y1476-2684$202
=040  \\$aUk$beng$cUk$dUk$erda
=042  \\$aukblsr$aissnuk
=082  04$a387.744065$223
=222  \0$aAir cargo directory$b(USB flash drive)
=245  00$aAir cargo directory.
=264  \1$aLondon :$bAir Transport Publications Ltd,$c2014.
=300  \\$aUSB flash drives ;$c7 cm, in plastic cards 22 x 25 cm
=310  \\$aAnnual
=336  \\$atext$2rdacontent
=337  \\$acomputer$2rdamedia
=338  \\$acomputer chip cartridge$2rdacarrier
=362  0\$a2013/14.
=500  \\$aTitle printed on card.
=500  \\$aPress raised area on card to release flash drive hinge.
=538  \\$aSystem requirements: IBM compatible PC; USB port; Adobe Acrobat Reader.
=580  \\$aPart continuation of print title: Air cargo yearbook.
=540  \\$aCurrent Copyright Fee: GBP12.30$c0$5Uk
=650  \0$aAeronautics, Commercial$xFreight$vDirectories.
=650  \0$aAirlines$xFreight$vDirectories.
=650  \0$aAirports$vDirectories.
=776  08$iOnline version:$tAir cargo directory$x2053-1672
=780  11$tAir cargo yearbook$x1476-2684
=859  \\$aELD$bejournal
=852  41$aBritish Library$bHMNTS$jEC.9.x.1012$32013/2014
=985  \\$aISSN UK note: Key Title qualifier changed from (USB) to (USB flash drive), 26/09/14 (Richard Brown, Leeds)
=CAT  \\$a3072$b40$c20140821$lBLL01$h1728
=CAT  \\$a3072$b40$c20140821$lBLL01$h1730
=CAT  \\$a3072$b40$c20140826$lBLL01$h1029
=CAT  \\$a3072$b40$c20140826$lBLL01$h1111
=CAT  \\$a3072$b40$c20140826$lBLL01$h1204
=CAT  \\$a3072$b40$c20140826$lBLL01$h1214
=CAT  \\$a3072$b40$c20140826$lBLL01$h1346
=CAT  \\$a3072$b40$c20140827$lBLL01$h1227
=CAT  \\$a3072$b40$c20140827$lBLL01$h1228
=CAT  \\$a3072$b40$c20140827$lBLL01$h1229
=CAT  \\$aBATCH-CLA$b00$c20140829$lBLL01$h1547
=CAT  \\$a3072$b40$c20140902$lBLL01$h1415
=CAT  \\$a10806$b40$c20140926$lBLL01$h1125
=CAT  \\$a10806$b40$c20140926$lBLL01$h1126
=CAT  \\$aIPL-CLA$c20140930$lBLL01$h1638
=CAT  \\$a6550$b40$c20160324$lBLL01$h0847
=CAT  \\$aW1711-1005$c20171206$lBLL01$h1827
=CAT  \\$a10806$b40$c20230215$lBLL01$h0814
=CAT  \\$a3072$b40$c20230216$lBLL01$h1532
=CFI  0\$aCurrent Copyright Fee: GBP12.30$c0$e01-oct-2014$fGBP12.30$g0$hC$5Uk
=FIN  \\$aY$d20140826
=LET  \0$aAir cargo directory (USB flash drive)
=LKR  \\$aPAR$b007025378$lBLL01$r78011$mAir cargo directory (USB flash drive)$nAir cargo yearbook (Print)
=LAS  \\$a3072$b40$c20230216$lBLL01$h1532

