=LDR  02298aas a2200625 i 4500
=001  013647859
=003  Uk
=005  20140806110736.0
=006  m\\\\\\\\d\|\\\\\\
=007  co||||||||||||
=008  070119c20069999enkar\\\qfr\\\0\\\a0eng\\
=015  \\$aGBB483242$2bnb
=022  0\$a1753-6669$202
=040  \\$aUk$beng$cUk$erda
=042  \\$aissnuk
=082  04$a346.02202648$223
=130  0\$aOutsourcing (London, England)
=222  \0$aOutsourcing$b(CD-ROM)
=245  10$aOutsourcing :$bthe law and leading lawyers worldwide.
=246  3\$aPLC cross-border handbook.$pOutsourcing
=246  1\$iAlso known as:$aOutsourcing handbook
=264  \1$aLondon :$bPractical Law Company
=300  \\$aCD-ROMs :$billustrations (colour) ;$c3 3/4 in.
=310  \\$aAnnual
=336  \\$atext$2rdacontent
=337  \\$acomputer$2rdamedia
=338  \\$acomputer disc$2rdacarrier
=362  1\$aPrint began with 2006/07.
=490  0\$aPLC cross-border handbooks
=538  \\$aSystem requirements: IBM compatible PC; Windows.
=588  \\$aDescription based on: 2010/11 issue; title from disc label.
=650  \0$aContracting out$xLaw and legislation$vHandbooks, manuals, etc.
=776  08$iAlso issued in print as:$tOutsourcing (London, England)$x1753-6642
=776  0\$tOutsourcing$c(Online)$x1753-6650
=852  41$aBritish Library$bHMNTS$jEC.9.x.1016$32006/2007-2010/2011
=859  \\$aELD$bejournal
=985  \\$aISSN description based on: 2010/11 issue.
=CAT  \\$a6537$b40$c20070119$lBLL01$h1122
=CAT  \\$a6971$b40$c20070703$lBLL01$h1117
=CAT  \\$aISSN$b40$c20100217$lBLL01$h1425
=CAT  \\$aISSN$b40$c20100217$lBLL01$h1444
=CAT  \\$aISSN$b40$c20100304$lBLL01$h1118
=CAT  \\$a11316$b40$c20110524$lBLL01$h1108
=CAT  \\$a11316$b40$c20110524$lBLL01$h1113
=CAT  \\$aISSN$b40$c20110823$lBLL01$h1026
=CAT  \\$a3072$b40$c20140806$lBLL01$h1018
=CAT  \\$a3072$b40$c20140806$lBLL01$h1019
=CAT  \\$a3072$b40$c20140806$lBLL01$h1107
=CAT  \\$aW1711-1005$c20171206$lBLL01$h1820
=FIN  \\$aY$d20110524
=FMT  \\$a  SE
=LAS  \\$aW1711-1005$b00$c20171206$lBLL01$h1820
=LET  \0$aOutsourcing (Electronic)
=LKR  \\$aPAR$b013647856$lBLL01$r776$mOutsourcing (Online)$nOutsourcing (Print)
=TCO  \\$aCLA$bCLA$c008

