=LDR  02128aas a2200553 i 4500
=001  015761101
=003  Uk
=005  20160208122233.0
=006  m\\\\\\\\d\|\\\\\\
=007  co||||||||||||
=008  110301c19979999enkqr\\\q\\\\\0\\\a0eng\\
=015  \\$aGBB619767$2bnb
=022  0\$a2046-4932$202
=040  \\$aUk$beng$cUk$dUk$erda
=042  \\$aissnuk$aukblsr
=082  04$a610.28$223
=222  \0$aHTA on DVD
=245  00$aHTA on DVD.
=246  3\$aHealth technology assessment on DVD
=264  \1$a[Southampton] :$bThe NIHR Health Technology Assessment Programme
=300  \\$aDVD-ROMs :$billustrations (colour) ;$c3 3/4 in.
=310  \\$aQuarterly
=336  \\$atext$2rdacontent
=337  \\$acomputer$2rdamedia
=338  \\$acomputer disc$2rdacarrier
=500  \\$a"Fully searchable, full text versions of all the titles published to date in the journal series Health Technology Assessment".
=538  \\$aSystem requirements: IBM compatible PC running Windows 98 or later.
=588  \\$aDescription based on: issue 29, September 2010; title printed on disc.
=710  2\$aNIHR Health Technology Assessment Programme (Great Britain),$eissuing body.
=776  0\$tHealth technology assessment$c(Online)$x2046-4924
=787  0\$tHealth technology assessment$x1366-5278
=852  41$aBritish Library$bHMNTS$jEC.9.x.1037$3Issue 29 (Sep. 2010)
=859  \\$aELD$bejournal
=CAT  \\$a11313$b40$c20110301$lBLL01$h0753
=CAT  \\$a3072$b40$c20151208$lBLL01$h1132
=CAT  \\$a3072$b40$c20151208$lBLL01$h1424
=CAT  \\$a3072$b40$c20151208$lBLL01$h1425
=CAT  \\$a3072$b40$c20160208$lBLL01$h1214
=CAT  \\$a3072$b40$c20160208$lBLL01$h1216
=CAT  \\$a3072$b40$c20160208$lBLL01$h1217
=CAT  \\$a3072$b40$c20160208$lBLL01$h1219
=CAT  \\$a3072$b40$c20160208$lBLL01$h1222
=CAT  \\$aW1711-1005$c20171206$lBLL01$h1823
=FIN  \\$aY$d20110301
=FMT  \\$a  SE
=LAS  \\$aW1711-1005$b00$c20171206$lBLL01$h1823
=LET  \0$aHTA on DVD (Electronic)
=LKR  \\$aPAR$b009200689$lBLL01$r776$mHTA on DVD$nHealth technology assessment (Print)
=TCO  \\$aCLA$bCLA$c008

