=LDR  02167cas a2200553 a 4500
=001  016146466
=003  Uk
=005  20140430135426.0
=006  m\\\\\\\\d\|\\\\\\
=007  co|cg||||auuuu
=008  100514c200u9999enkqr\\\q\\\\\0\\\a0eng\d
=FMT  \\$a  SE
=015  \\$aGBB445406$2bnb
=035  \\$a(OCoLC)620389492
=040  \\$aCUD$cCUD$dUk
=042  \\$aukblsr
=043  \\$ae-uk---
=082  04$a346.41059$223
=245  00$aPrecedents on disc.$pTrusts precedents$h[electronic resource].
=246  30$aTrusts precedents
=246  13$iScreen title:$aTrust precedents on disc
=246  3\$aPTP
=246  1\$iTitle bar title:$aPractical trust precedents
=260  \\$a[London] :$bSweet & Maxwell
=300  \\$aCD-ROMs ;$c4 3/4 in.
=310  \\$aQuarterly
=336  \\$atext$2rdacontent
=337  \\$acomputer$2rdamedia
=338  \\$acomputer disc$2rdacarrier
=538  \\$aSystem requirements: IBM compatible PC; Windows 2000 or later.
=588  \\$aDescription based on issue designated: Release 28 (2009), title from disc surface.
=588  \\$aLatest issue consulted: release 33.
=650  \0$aTrusts and trustees$zGreat Britain$vForms.
=650  \0$aTrusts and trustees$xTaxation$zGreat Britain$vHandbooks, manuals, etc.
=787  08$iLoose-leaf main work:$tPractical trust precedents
=780  00$tPractical trust precedents (CD-ROM)
=859  \\$aELD$bejournal
=852  41$aBritish Library$bHMNTS$jEC.9.x.1022$3Release 34(2014)-
=985  \\$aalthough a big gap between 007203464, 2003 and this the screen title of this is the same and there probably hasn't been another title inbetween (so sign of any others on derived records).
=CAT  \\$a3072$b40$c20120813$lBLL01$h1713
=CAT  \\$a3072$b40$c20140429$lBLL01$h1705
=CAT  \\$a3072$b40$c20140430$lBLL01$h1351
=CAT  \\$a3072$b40$c20140430$lBLL01$h1354
=CAT  \\$aW1711-1005$c20171205$lBLL01$h2212
=FIN  \\$aY$d20140430
=LET  \0$aPrecedents on disc. Trusts precedents (CD-ROM)
=LKR  \\$aPAR$b007203464$lBLL01$r78000$mPrecedents on disc.$nPractical trust precedents
=SID  \\$aZ39$bOCLC
=LAS  \\$aW1711-1005$b00$c20171205$lBLL01$h2212

