=LDR  02232cas a2200553 i 4500
=001  016161295
=003  Uk
=005  20140423130441.0
=006  m\\\\\\\\d\|\\\\\\
=007  co||||||||||||
=008  120904c20129999enkfr\\\q\\\\\1\\\a0eng\\
=FMT  \\$a  SE
=022  0\$a2051-1361$202
=040  \\$aUk$beng$cUk$erda
=042  \\$aissnuk$aukblsr
=082  04$a628$223
=111  2\$aInternational Conference on Urban Sustainability and Resilience.
=222  \0$aInternational Conference on Urban Sustainability and Resilience
=245  10$aInternational Conference on Urban Sustainability and Resilience :$bconference proceedings.
=264  \1$a[London] :$bUCL Centre for Urban Sustainability & Resilience
=300  \\$aCD-ROMs :$billustrations (colour) ;$c3 3/4 in.
=310  \\$aSemiannual
=336  \\$atext$2rdacontent
=337  \\$acomputer$2rdamedia
=338  \\$acomputer disc$2rdacarrier
=362  0\$a1st (5/6 Nov 2012)-
=500  \\$aTitle from disc label.
=516  \\$aFiles in WORD and PDF.
=538  \\$aSystem requirements: IBM compatible PC; Adobe Acrobat Reader.
=650  \0$aSustainable engineering$vCongresses.
=650  \0$aSustainable urban development$zGreat Britain$vCongresses.
=650  \0$aSustainable buildings$vCongresses.
=650  \0$aSustainable design$vCongresses.
=710  2\$aUniversity College, London.$bCentre for Urban Sustainability & Resilience,$eissuing body.
=859  \\$aELD$bejournal
=852  41$aBritish Library$bHMNTS$jEC.9.x.1044$31st(5-6 Nov. 2012)-
=985  \\$anew body; ref needed from file name: USAR conference.
=985  \\$aISSN completion based on: 1st (5/6 Nov. 2012), title from CD-ROM label.
=CAT  \\$a10973$b40$c20120904$lBLL01$h1124
=CAT  \\$a10806$b40$c20140124$lBLL01$h0929
=CAT  \\$a8871$b40$c20140304$lBLL01$h1400
=CAT  \\$a10806$b40$c20140407$lBLL01$h0859
=CAT  \\$a3072$b40$c20140423$lBLL01$h1301
=CAT  \\$a3072$b40$c20140423$lBLL01$h1302
=CAT  \\$a3072$b40$c20140423$lBLL01$h1304
=CAT  \\$aW1711-1005$c20171206$lBLL01$h1824
=FIN  \\$aY$d20140124
=LET  \0$aInternational Conference on Urban Sustainability and Resilience (CD ROM)
=LAS  \\$aW1711-1005$b00$c20171206$lBLL01$h1824

