=LDR  02072aas a2200529 i 4500
=001  016169168
=003  Uk
=005  20140911113707.0
=006  m\\\\\\\\d\|\\\\\\
=007  co||||||||||||
=008  120912c198u9999enkar\\\q\\\\\0\\\a0eng\\
=FMT  \\$a  SE
=015  \\$aGBB486284$2bnb
=022  0\$a2051-2597$202
=040  \\$aUk$beng$cUk$erda
=042  \\$aissnuk$aukblsr
=082  04$a025.11$223
=222  \0$aFines and charges in public libraries in England and Wales$b(CD-ROM)
=245  00$aFines and charges in public libraries in England and Wales.
=264  \1$a[Loughborough] :$bLISU
=300  \\$aCD-ROMs ;$c3 3/4 in.
=310  \\$aAnnual
=336  \\$atext$2rdacontent
=337  \\$acomputer$2rdamedia
=338  \\$acomputer disc$2rdacarrier
=538  \\$aSystem requirements: IBM compatible PC running Windows 98 or later; MS Access.
=588  \\$aDescription based on: 25th edition (2012); title printed on disc.
=650  \0$aFee-based library services$zEngland$vDatabases.
=650  \0$aFee-based library services$zWales$vDatabases.
=650  \0$aLibrary fines$zEngland$vDatabases.
=650  \0$aLibrary fines$zWales$vDatabases.
=650  \0$aPublic libraries$zEngland$vDatabases.
=650  \0$aPublic libraries$zWales$vDatabases.
=710  2\$aLoughborough University.$bLibrary & Information Statistics Unit.
=776  08$iAlso issued in print as:$tFines and charges in public libraries in England and Wales$x2051-2589
=859  \\$aELD$bejournal
=852  41$aBritish Library$bHMNTS$jEC.9.x.1014$3Edition 25 (2012)
=985  \\$aISSN completion based on: 25th edition (2012).
=CAT  \\$a10806$b40$c20120912$lBLL01$h1013
=CAT  \\$a10806$b40$c20120912$lBLL01$h1017
=CAT  \\$a10806$b40$c20130919$lBLL01$h1517
=CAT  \\$a3072$b40$c20140814$lBLL01$h1655
=CAT  \\$a11313$b40$c20140911$lBLL01$h1137
=CAT  \\$aW1711-1005$c20171206$lBLL01$h1824
=FIN  \\$aY$d20130919
=LET  \0$aFines and charges in public libraries in England and Wales (CD-ROM)
=LAS  \\$aW1711-1005$b00$c20171206$lBLL01$h1824

