=LDR  01612cas a2200433 i 4500
=001  020934126
=003  Uk
=005  20230125113220.0
=007  ta
=008  230125c20209999nikar\\\\\\\\\0\\\a0eng\\
=FMT  \\$a  SE
=040  \\$aUk$beng$cUk$erda
=042  \\$aukblsr
=082  04$a378.209416$223
=110  2\$aUniversity of Ulster.
=245  10$aClass of ... :$b... graduation ceremony.
=264  \1$a[Newtownabbey] :$bUlster University
=300  \\$billustrations (colour) ;$c30 cm
=310  \\$aAnnual
=336  \\$atext$2rdacontent
=337  \\$aunmediated$2rdamedia
=338  \\$avolume$2rdacarrier
=362  0\$a2020 & 2021-
=588  \\$aLatest issue consulted: Summer Graduation Ceremony, 2022.
=500  \\$aTwo 2020 & 2021 dual issues published separately for Belfast/Jordanstown, and for Coleraine.
=610  27$aUniversity of Ulster$2fast$0(OCoLC)fst01795097
=650  \7$aGraduate students.$2fast$0(OCoLC)fst00945822
=655  \7$aPeriodicals.$2fast$0(OCoLC)fst01411641
=780  00$aUniversity of Ulster.$tGraduation ceremonies
=859  \\$aELD$bejournal
=852  41$aBritish Library$bHMNTS$jZK.9.d.1657$32020/2021-
=CAT  \\$a8483$b40$c20230125$lBLL01$h1024
=CAT  \\$a8483$b40$c20230125$lBLL01$h1055
=CAT  \\$a8483$b40$c20230125$lBLL01$h1056
=CAT  \\$a8483$b40$c20230125$lBLL01$h1132
=FIN  \\$aY$d20230125
=LET  \0$aUniversity of Ulster Class of ... Graduation (Print)
=LKR  \\$aPAR$b009891353$lBLL01$r78000$mClass of ... : ... graduation ceremony.$nGraduation ceremonies : conferment and award list.
=LAS  \\$a8483$b40$c20230125$lBLL01$h1132

